@book{peterson2025redes,
  author    = {Larry L. Peterson and Bruce S. Davie},
  title     = {Redes de Computadores: Uma Abordagem de Sistemas},
  edition   = {5Âª},
  year      = {2025},
  publisher = {Editora Pearson},
}